@article{Interview1,
	Author = {Lena Karlssona and Åsa G. Dahlstedtb and Björn Regnella and Johan Natt och Daga and Anne Perssonb},
	Journal = {Information and Software Technology},
	Month = {June},
	Numpages = {16},
	Pages = {588--604},
	Title = {Requirements engineering challenges in market-driven
software development – An interview study with practitioners},
	Volume = {49},
	Url = {http://www.sciencedirect.com/science/article/pii/S0950584907000183},
	Year = {2007}}
	
@article{Interview2,
	Author = {Brian Nicholson and Sundeep Sahay},
	Journal = {Information and Organization},
	Month = {January},
	Numpages = {18},
	Pages = {25--43},
	Title = {Some political and cultural issues in the globalisation of software development: case experience from Britain and India},
	Volume = {11},
	Url = http://www.sciencedirect.com/science/article/pii/S0959802200000084},
	Year = {2001}}

@article{Questionnaire1,
	Author = {Guido Hertel and Sven Niedner and Stefanie Herrmann},
	Journal = {Open Source Software Development},
	Month = {July},
	Number = {7},
	Numpages = {18},
	Pages = {1159--1177},
	Title = {Motivation of software developers in Open Source projects: an
Internet-based survey of contributors to the Linux kernel},
	Volume = {23},
	Url = {http://www.sciencedirect.com/science/article/pii/S0048733303000477},
	Year = {2003}}

@article{Questionnaire2,
	Author = {James D. Herbsleb and  Audris Mockus and Thomas A. Finholt and  Rebecca E. Grinter},
	Journal = {ICSE '01 Proceedings of the 23rd International Conference on Software Engineering},
	Month = {July},
	Numpages = {9},
	Pages = {81--90},
	Title = {An empirical study of global software development: distance and speed},
	Url = {http://dl.acm.org/citation.cfm?id=381481},
	Year = {2001}}

